@misc{callin:2006,
    title={How to calculate the CMB spectrum},
    author={Petter Callin},
    year={2006},
    eprint={astro-ph/0606683},
    archivePrefix={arXiv},
    primaryClass={astro-ph}
}